@article{Dunham2013optical,
  title={Optical analysis of a heliostat array with linked tracking},
  author={Dunham, MT and Kasetty, R and Mathur, A and Lipi{\'n}ski, W},
  journal={Journal of Solar Energy Engineering},
  volume={135},
  number={3},
  pages={034501},
  year={2013},
  doi={10.1115/1.4023593},
  publisher={American Society of Mechanical Engineers}
}

@article{Wendelin2013soltrace,
  Title                    = {SolTrace: A Ray-Tracing Code for Complex Solar Optical Systems},
  Author                   = {Wendelin, Tim and Dobos, Aron and Lewandowski, Allan},
  Journal                  = {Contract},
  Year                     = {2013},
  Pages                    = {275--3000},
  Volume                   = {303},
  Keywords                 = {protocolo}
}

@article{Garcia2008codes,
  Title                    = {Codes for solar flux calculation dedicated to central receiver system applications: A comparative review},
  Author                   = {Garcia, Pierre and Ferriere, Alain and Bezian, Jean-Jacques},
  Journal                  = {Solar Energy},
  Year                     = {2008},

  Month                    = mar,
  Number                   = {3},
  Pages                    = {189--197},
  Volume                   = {82}
}

@Article{Buie2003sunshape,
  Title                    = {Sunshape distributions for terrestrial solar simulations},
  Author                   = {Buie, D and Monger, AG and Dey, CJ},
  Journal                  = {Solar Energy},
  Year                     = {2003},
  Number                   = {2},
  Pages                    = {113--122},
  Volume                   = {74},

  File                     = {:article/Buie2003.pdf:PDF},
  Publisher                = {Elsevier}
}

@article{Pettit1977characterization,
  Title                    = {Characterization of the reflected beam profile of solar mirror materials},
  Author                   = {Pettit, Richard B},
  Journal                  = {Solar Energy},
  Year                     = {1977},
  Number                   = {6},
  Pages                    = {733--741},
  Volume                   = {19},
  Publisher                = {Elsevier}
}

@book{Rabl1985active,
  title={Active solar collectors and their applications},
  author={Rabl, Ari},
  year={1985},
  publisher={Oxford University Press on Demand}
}

@Comment @article{Walraven1978calculating,
@Comment   Title                    = {Calculating the position of the sun},
@Comment   Author                   = {Robert Walraven},
@Comment   Journal                  = {Solar Energy},
@Comment   Year                     = {1978},
@Comment   Number                   = {5},
@Comment   Pages                    = {393 - 397},
@Comment   Volume                   = {20},
@Comment   Doi                      = {10.1016/0038-092X(78)90155-X}
@Comment }


@Comment @InCollection{Alexopoulos2013concentrating,
@Comment   Title                    = {Concentrating Receiver Systems ({CRS})},
@Comment   Author                   = {Alexopoulos, Spiros and Hoffschmidt, Bernhard},
@Comment   Booktitle                = {Solar Energy},
@Comment   Publisher                = {Springer New York},
@Comment   Year                     = {2013},
@Comment   Editor                   = {Richter, Christoph and Lincot, Daniel and Gueymard, ChristianA.},
@Comment   Pages                    = {29--71}
@Comment }

@Comment @article{Barlev2011innovation,
@Comment   Title                    = {Innovation in concentrated solar power},
@Comment   Author                   = {Barlev, David and Vidu, Ruxandra and Stroeve, Pieter},
@Comment   Journal                  = {Solar Energy Materials and Solar Cells},
@Comment   Year                     = {2011},
@Comment   Number                   = {10},
@Comment   Pages                    = {2703--2725},
@Comment   Volume                   = {95},
@Comment   Publisher                = {Elsevier}
@Comment }


@Comment @article{Biggs1979helios,
@Comment   Title                    = {Helios model for the optical behavior of reflecting solar concentrators},
@Comment   Author                   = {Biggs, Frank and Vittitoe, Charles N},
@Comment   Journal                  = {NASA STI/Recon Technical Report N},
@Comment   Year                     = {1979},
@Comment   Pages                    = {31806},
@Comment   Volume                   = {79}
@Comment }


@Comment @article{Amsbeck2008optical,
@Comment author={Amsbeck, Lars and Buck, Reiner and Pfahl, Andreas and Uhlig, Ralf},
@Comment   title={Optical performance and weight estimation of a heliostat with ganged facets},
@Comment   journal={Journal of Solar Energy Engineering},
@Comment   year={2007},
@Comment   volume={130},
@Comment   number={1},
@Comment   pages={011010},
@Comment   doi={10.1115/1.2804630},
@Comment   publisher={ASME}
@Comment }

@Comment @article{Burisch2016influence,
@Comment   title={Influence of limited heliostat motion onto the efficiency of a solar field},
@Comment   author={Burisch, Michael and Mutuberria, Amaia and Olasolo, David and Villasante, Cristobal},
@Comment   journal={AIP Conference Proceedings},
@Comment   volume={1734},
@Comment   number={1},
@Comment   pages={020004},
@Comment   year={2016},
@Comment   organization={AIP Publishing},
@Comment   doi={10.1063/1.4949028}
@Comment }

@Comment @article{Dominguez-Bravo2016field,
@Comment   title={Field-design optimization with triangular heliostat pods},
@Comment   author={Dom{\'\i}nguez-Bravo, Carmen-Ana and Bode, Sebastian-James and Heiming, Gregor and Richter, Pascal and Carrizosa, Emilio and Fern{\'a}ndez-Cara, Enrique and Frank, Martin and Gauch{\'e}, Paul},
@Comment   journal={AIP Conference Proceedings},
@Comment   volume={1734},
@Comment   number={1},
@Comment   pages={070006},
@Comment   year={2016},
@Comment   organization={AIP Publishing},
@Comment   doi = {10.1063/1.4949153}
@Comment }


@Comment @manual{Dobos2017lk,
@Comment   title = 	 {LK Scripting Language Reference},
@Comment   author = 	 {Dopos, Aron},
@Comment   organization = {NREL},
@Comment   month = 	 {January},
@Comment   year = 	 {2017}
@Comment }

@Comment @book{Duffie2013solar,
@Comment   title={Solar engineering of thermal processes},
@Comment   author={Duffie, John A and Beckman, William A},
@Comment   year={2013},
@Comment   publisher={John Wiley \& Sons}
@Comment }


@Comment @article{Gottsche2010solar,
@Comment   title={Solar concentrating systems using small mirror arrays},
@Comment   author={G\"ottsche, Joachim and Hoffschmidt, Bernhard and Schmitz, Stefan and Sauerborn, Markus and Buck, Reiner and Teufel, Edgar and Badst\"ubner, Kathrin and Ifland, David and Rebholz, Christian},
@Comment   journal={Journal of Solar Energy Engineering},
@Comment   volume={132},
@Comment   number={1},
@Comment   pages={011003},
@Comment   year={2010},
@Comment   doi={10.1115/1.4000332},
@Comment   publisher={American Society of Mechanical Engineers}
@Comment }

@Comment @article{Kolb2007heliostat,
@Comment   Title                    = {Heliostat cost reduction},
@Comment   Author                   = {Kolb, Gregory J and Davenport, Roger and Gorman, David and Lumia, Ron and Thomas, Robert and Donnelly, Matthew},
@Comment   Journal                = {ASME 2007 Energy Sustainability Conference},
@Comment   Year                     = {2007},
@Comment   Organization             = {American Society of Mechanical Engineers},
@Comment   doi = {10.1115/ES2007-36217},
@Comment   Pages                    = {1077--1084}
@Comment }

@Comment @article{Li2016optics,
@Comment   title={Optics of solar central receiver systems: a review},
@Comment   author={Li, Lifeng and Coventry, Joe and Bader, Roman and Pye, John and Lipi{\'n}ski, Wojciech},
@Comment   journal={Optics express},
@Comment   volume={24},
@Comment   number={14},
@Comment   pages={A985--A1007},
@Comment   year={2016},
@Comment   doi={10.1364/OE.24.00A985},
@Comment   publisher={Optical Society of America}
@Comment }

@Comment @misc{Mills2004solar,
@Comment   title={Solar energy reflector array},
@Comment   author={Mills, David and Schramek, Philipp},
@Comment   year={2004},
@Comment   month=apr # "~22",
@Comment   publisher={Google Patents},
@Comment   note={US Patent App. 10/469,892}
@Comment }

@Comment @article{Monreal2014innovative,
@Comment   year  = {2014},
@Comment   publisher = {Elsevier {BV}},
@Comment   volume = {49},
@Comment   pages = {174--183},
@Comment   author = {A. Monreal and M. Burisch and M. Sanchez and D. P\'erez and C. Villasante and E. Olabarrieta and D. Olasolo and A. Olarra},
@Comment   title = {{EASY}: An Innovative Design for Cost Effective Heliostats/Solar Fields},
@Comment   doi={10.1016/j.egypro.2014.03.019},
@Comment   journal = {Energy Procedia}
@Comment }


@Comment @article{Ortega2008central,
@Comment   Title                    = {Central receiver system solar power plant using molten salt as heat transfer fluid},
@Comment   Author                   = {Ortega, J Ignacio and Burgaleta, J Ignacio and T{\'e}llez, F{\'e}lix M},
@Comment   Journal                  = {Journal of Solar Energy Engineering},
@Comment   Year                     = {2008},
@Comment   Number                   = {2},
@Comment   Pages                    = {024501},
@Comment   Volume                   = {130},
@Comment   doi={10.1115/1.2807210},
@Comment   Publisher                = {American Society of Mechanical Engineers}
@Comment }

@Comment @article{Pfahl2013survey,
@Comment   Title                    = {Survey of Heliostat Concepts for Cost Reduction},
@Comment   Author                   = {Pfahl, Andreas},
@Comment   Journal                  = {Journal of Solar Energy Engineering},
@Comment   Year                     = {2013},

@Comment   Month                    = {Abr},
@Comment   Number                   = {1},
@Comment   Pages                    = {014501},
@Comment   Volume                   = {136},
  
@Comment   ISSN                     = {0199-6231},
@Comment   doi = {10.1115/1.4024243},
@Comment   Publisher                = {ASME International}
@Comment }

@Comment   @Manual{R2015r,
@Comment     title = {R: A Language and Environment for Statistical Computing},
@Comment     author = {{R Core Team}},
@Comment     organization = {R Foundation for Statistical Computing},
@Comment     address = {Vienna, Austria},
@Comment     year = {2015}
@Comment   }

@Comment @article{Schell2011design,
@Comment   Title                    = {Design and evaluation of esolar's heliostat fields},
@Comment   Author                   = {Schell, Steve},
@Comment   Journal                  = {Solar energy},
@Comment   Year                     = {2011},
@Comment   Number                   = {4},
@Comment   Pages                    = {614--619},
@Comment   Volume                   = {85},
@Comment   doi={10.1016/j.solener.2010.01.008},
@Comment   Publisher                = {Elsevier}
@Comment }

@Comment @incollection{Vant-Hull2012,
@Comment   title={Central tower concentrating solar power (CSP) systems},
@Comment   author={Vant-Hull, LL},
@Comment   booktitle={Concentrating Solar Power Technology},
@Comment   pages={240--283},
@Comment   year={2012},
@Comment   publisher={Elsevier},
@Comment   doi = {10.1533/9780857096173.2.240}
@Comment }

@Comment @misc{Gnuplot2013gnuplot,                    
@Comment author={ Thomas Williams and Colin Kelley and {many others} },                
@Comment title = {Gnuplot 4.6: an interactive plotting program },                    
@Comment month = {April },                    
@Comment year = {2013}
@Comment }

@Comment @article{Cooper1969absorption,
@Comment title = "The absorption of radiation in solar stills",
@Comment author = "P.I. Cooper",
@Comment journal = "Solar Energy",
@Comment volume = "12",
@Comment number = "3",
@Comment pages = "333 - 346",
@Comment year = "1969",
@Comment note = "",
@Comment issn = "0038-092X",
@Comment doi = "10.1016/0038-092X(69)90047-4"
@Comment }

@Comment @article{Spencer1971fourier,
@Comment   title={Fourier series representation of the position of the sun},
@Comment   author={Spencer, JW},
@Comment   journal={Search},
@Comment   volume={2},
@Comment   number={5},
@Comment   pages={172--172},
@Comment   year={1971}
@Comment }

@Comment @article{Michalsky1988astronomical,
@Comment   Title                    = {The Astronomical Almanac's algorithm for approximate solar position (1950--2050) },
@Comment   Author                   = {Joseph J. Michalsky},
@Comment   Journal                  = {Solar Energy },
@Comment   Year                     = {1988},
@Comment   Number                   = {3},
@Comment   Pages                    = {227 - 235},
@Comment   Volume                   = {40},
@Comment   Doi                      = {10.1016/0038-092X(88)90045-X}
@Comment }

@Comment @article{Blanco-Muriel2001computing,
@Comment   Title                    = {Computing the solar vector},
@Comment   Author                   = {Manuel Blanco-Muriel and Diego C. Alarc'on-Padilla and Teodoro L'opez-Moratalla and Mart'in Lara-Coira},
@Comment   Journal                  = {Solar Energy},
@Comment   Year                     = {2001},
@Comment   Number                   = {5},
@Comment   Pages                    = {431 - 441},
@Comment   Volume                   = {70},
@Comment   Doi                      = {10.1016/S0038-092X(00)00156-0}
@Comment }

@Comment @article{Reda2004solar,
@Comment   Title                    = {Solar position algorithm for solar radiation applications},
@Comment   Author                   = {Ibrahim Reda and Afshin Andreas},
@Comment   Journal                  = {Solar Energy},
@Comment   Year                     = {2004},
@Comment   Number                   = {5},
@Comment   Pages                    = {577 - 589},
@Comment   Volume                   = {76},
@Comment   Doi                      = {10.1016/j.solener.2003.12.003}
@Comment }

@Comment @article{Grena2008algorithm,
@Comment   Title                    = {An algorithm for the computation of the solar position },
@Comment   Author                   = {Roberto Grena},
@Comment   Journal                  = {Solar Energy },
@Comment   Year                     = {2008},
@Comment   Number                   = {5},
@Comment   Pages                    = {462 - 470},
@Comment   Volume                   = {82},
@Comment   Doi                      = {10.1016/j.solener.2007.10.001}
@Comment }

@Comment @article{Grena2012five,
@Comment   Title                    = {Five new algorithms for the computation of sun position from 2010 to 2110 },
@Comment   Author                   = {Roberto Grena},
@Comment   Journal                  = {Solar Energy },
@Comment   Year                     = {2012},
@Comment   Number                   = {5},
@Comment   Pages                    = {1323 - 1337},
@Comment   Volume                   = {86},
@Comment   Doi                      = {10.1016/j.solener.2012.01.024}
@Comment }

